@incollection{ almas2011,
    author = {Hallbj{\o}rg Almås and Helene Berntzen and Helle Madsen Holm},
    editor = {Randi Gr{\o}nseth},
    title = {Omvårdnad vid skador och kirurgiska ingrepp i bröstkorgen},
    booktitle = {Klinisk omvårdnad 1},
    year = {2011},
    publisher = {Liber},
    address = {Stockholm},
    pages = {187--206},
}

@book{ wikstrom2006,
    author = {Jonas Wikström},
    title = {Akutsjukvård: Handläggning av patienter med akut sjukdom eller
        skada},
    year = {2006},
    publisher = {Studentlitteratur},
    address = {Lund},
}
